@INPROCEEDINGS{267748,
  author={Alon, N. and Galil, Z. and Margalit, O. and Naor, M.},
  booktitle={Proceedings., 33rd Annual Symposium on Foundations of Computer Science}, 
  title={Witnesses for Boolean matrix multiplication and for shortest paths}, 
  year={1992},
  volume={},
  number={},
  pages={417-426},
  keywords={Computer science;Algorithm design and analysis;Mathematics;Shortest path problem;Random variables},
  doi={10.1109/SFCS.1992.267748}}

@inproceedings{10.1145/100216.100244,
author = {Naor, J. and Naor, M.},
title = {Small-bias probability spaces: efficient constructions and applications},
year = {1990},
isbn = {0897913612},
publisher = {Association for Computing Machinery},
address = {New York, NY, USA},
url = {https://doi.org/10.1145/100216.100244},
doi = {10.1145/100216.100244},
booktitle = {Proceedings of the Twenty-Second Annual ACM Symposium on Theory of Computing},
pages = {213â€“223},
numpages = {11},
location = {Baltimore, Maryland, USA},
series = {STOC '90}
}