@article{karger1996new,
  title={A new approach to the minimum cut problem},
  author={Karger, David R and Stein, Clifford},
  journal={Journal of the ACM (JACM)},
  volume={43},
  number={4},
  pages={601--640},
  year={1996},
  publisher={ACM New York, NY, USA}
}